<record><leader>00000cas a22000007a 4500</leader><controlfield tag="001">22600836</controlfield><controlfield tag="008">901029d19371943couwr ne      0    0eng d</controlfield><datafield ind1=" " ind2=" " tag="010"><subfield code="a">sn 90051858 </subfield></datafield><datafield ind1=" " ind2=" " tag="040"><subfield code="a">CNQ</subfield><subfield code="b">eng</subfield><subfield code="c">CNQ</subfield><subfield code="d">OCLCQ</subfield></datafield><datafield ind1=" " ind2=" " tag="042"><subfield code="a">msc</subfield></datafield><datafield ind1="0" ind2="0" tag="245"><subfield code="a">Tri-county herald.</subfield></datafield><datafield ind1="3" ind2="0" tag="246"><subfield code="a">Tri county herald formerly the Merino breeze</subfield></datafield><datafield ind1=" " ind2=" " tag="260"><subfield code="a">Merino, Logan County, Colo. :</subfield><subfield code="b">Carl H. Van Scoy</subfield></datafield><datafield ind1=" " ind2=" " tag="300"><subfield code="a">v.</subfield></datafield><datafield ind1=" " ind2=" " tag="310"><subfield code="a">Weekly</subfield></datafield><datafield ind1="0" ind2=" " tag="362"><subfield code="a">Vol. 28, no. 40 (Feb. 18, 1937)-v. 34, no. 4 (June 25, 1943).</subfield></datafield><datafield ind1=" " ind2=" " tag="530"><subfield code="a">Available on microfilm from the Colorado Historical Society.</subfield></datafield><datafield ind1=" " ind2=" " tag="752"><subfield code="a">United States</subfield><subfield code="b">Colorado</subfield><subfield code="c">Logan</subfield><subfield code="d">Merino.</subfield></datafield><datafield ind1="0" ind2="0" tag="780"><subfield code="t">Merino breeze</subfield><subfield code="w">(DLC)sn 91052159</subfield></datafield><datafield ind1="0" ind2="4" tag="785"><subfield code="t">Sterling farm journal (Sterling, Colo.)</subfield><subfield code="w">(DLC)sn 90051801</subfield></datafield></record>